@ONLINE{clique,
	title ={Wikipedia page for clique problem},
	url ={http://en.wikipedia.org/wiki/Clique_problem}
}

@booklet{tsinghua-choose,
	title={清华大学选课管理实施办法},
	year={2008}
}

@booklet{tsinghua-ban,
	title={清华大学学生违纪处分管理规定实施细则},
	year={2008},
	note={第六章}
}

@book{network-flow,
	author={Ravindra K. Ahuja and Thomas L. Magnanti and James B. Orlin},
	title={Network Flows: Theory, Algorithms, and Applications},
	publisher={Pearson Education Asia Ltd},
	year={1993}
}

@book{lrj,
	author={刘汝佳，黄亮},
	title={算法艺术与信息学竞赛},
	publisher={清华大学出版社},
	year={2004}
}
