@book{adv_alg,
	author={丘维声},
	title={高等代数(下册)——大学高等代数课程创新教材},
	publisher={清华大学出版社},
	year={2010},
	isbn={978-7-302-23759-4}
}

@book{poly_alg,
	author={王东明等},
	title={多项式代数},
	publisher={高等教育出版社},
	year={2011},
	isbn={978-7-04-031698-8}
}

@book{ideals,
  title={Ideals, varieties, and algorithms: an introduction to computational algebraic geometry and commutative algebra},
  author={Cox, D.A. and Little, J.B. and O'Shea, D.},
  year={2007},
  publisher={Springer Verlag},
  edition={2},
  isbn={0-387-94680-2}
}

@book{using,
  title={Using algebraic geometry},
  author={Cox, D.A. and Little, J.B. and O'shea, D.},
  year={2005},
  publisher={Springer Verlag},
  isbn={0-387-98487-9}
}

@book{area_geo,
	title={几何新方法和新体系},
	author={张景中},
	year={2009},
	publisher={科学出版社},
	isbn={978-7-03-025042-1}
}

@book{wwj,
	title={几何定理机器证明的基本原理(初等几何部分)},
	author={吴文俊},
	year={1984},
	publisher={科学出版社},
	isbn={978-7-03-028377-1}
}

@article{warren,
  title={Blending algebraic surfaces},
  author={Warren, J.},
  journal={ACM Transactions on Graphics (TOG)},
  volume={8},
  number={4},
  pages={263--278},
  year={1989},
  publisher={ACM}
}

@book{lc,
	title={计算机代数系统的数学原理},
	author={李超 等},
	publisher={清华大学出版社},
	year={2010},
	isbn={978-7-30-223010-6},
	url={http://msc.tsinghua.edu.cn/NWMA2010/theses/bachelor/Bachelor-ChaoLi.pdf}
}

@ONLINE{wiki_rn,
	title={Wikipedia page for rencontres numbers},
	url={http://en.wikipedia.org/wiki/Rencontres_number}
}
@ONLINE{wiki_ig,
	title={Mathworld page for incomplete gamma function},
	url={http://mathworld.wolfram.com/IncompleteGammaFunction.html}
}
@ONLINE{wiki_stir,
	title={Mathworld page for Stirling number of the second kind},
	url={http://mathworld.wolfram.com/StirlingNumberoftheSecondKind.html}
}

@ONLINE{wiki_bell,
	title={Mathworld page for Bell Number},
	url={http://mathworld.wolfram.com/BellNumber.html}
}

@ONLINE{wiki_dob,
	title={Wikipedia page for Dobinski's formula},
	url={http://en.wikipedia.org/wiki/Dobinski's_formula}
}

@book{inverse,
  title={inverse relations, generalized bibasic series, and their u(n) extensions| dissertation},
  author={Bhatnagar, G.},
  publisher={Citeseer}
}

@article{set,
  title={Some probabilistic aspects of set partitions},
  author={Pitman, J.},
  journal={American Mathematical Monthly},
  pages={201--209},
  year={1997},
  publisher={JSTOR}
}


@book{bigbook,
  title={Les probabilit{\'e}s associ{\'e}es {\`a} un syst{\`e}me d'{\'e}v{\'e}nements compatibles et d{\'e}pendants ...: ptie. Cas particuliers et applications},
  author={Fr{\'e}chet, M.},
  lccn={a46005083},
  year={1943},
  publisher={Hermann}
}

@book{textbook,
	title={概率论与数理统计教程},
	author={茆诗松,程依明,濮晓龙},
	year={2011},
	publisher={高等教育出版社},
	isbn={9787040312102}
}

@book{feller,
  title={An introduction to probability theory and its applications},
  author={Feller, William},
  volume={1},
  year={1968},
  publisher={John Wiley \& Sons}
}
