@book{adv_alg,
	author={丘维声},
	title={高等代数(下册)——大学高等代数课程创新教材},
	publisher={清华大学出版社},
	year={2010},
	isbn={978-7-302-23759-4}
}

@book{poly_alg,
	author={王东明等},
	title={多项式代数},
	publisher={高等教育出版社},
	year={2011},
	isbn={978-7-04-031698-8}
}

@book{ideals,
  title={Ideals, varieties, and algorithms: an introduction to computational algebraic geometry and commutative algebra},
  author={Cox, D.A. and Little, J.B. and O'Shea, D.},
  year={2007},
  publisher={Springer Verlag},
  edition={2},
  isbn={0-387-94680-2}
}

@book{using,
  title={Using algebraic geometry},
  author={Cox, D.A. and Little, J.B. and O'shea, D.},
  year={2005},
  publisher={Springer Verlag},
  isbn={0-387-98487-9}
}
